<?xml version="1.0" encoding="UTF-8"?><collection xmlns="http://www.loc.gov/MARC21/slim"><record><leader>00465nam--2200169-i-4500</leader><controlfield tag="001">000014530</controlfield><controlfield tag="002">20161230</controlfield><controlfield tag="005">20170108173602</controlfield><controlfield tag="008">060222s1000------------r-----000-0-eng-d</controlfield><datafield ind1=" " ind2=" " tag="080"><subfield code="a">621.039.51:621.039.516.12</subfield></datafield><datafield ind1=" " ind2=" " tag="100"><subfield code="a">Stamm Ler, Rudi J. J</subfield></datafield><datafield ind1=" " ind2=" " tag="245"><subfield code="a">Methods of seady-state reactor physics in nuclear design</subfield></datafield><datafield ind1=" " ind2=" " tag="260"><subfield code="a">London</subfield><subfield code="b">Academic Press</subfield><subfield code="c">1983</subfield></datafield><datafield ind1=" " ind2=" " tag="300"><subfield code="a">XIV + 506 p</subfield></datafield><datafield ind1=" " ind2=" " tag="700"><subfield code="a">Abbate, Maximo</subfield></datafield><datafield ind1=" " ind2=" " tag="852"><subfield code="a">71310</subfield></datafield><datafield ind1=" " ind2=" " tag="CAT"><subfield code="a">SYS</subfield><subfield code="c">20170108</subfield><subfield code="h">173602</subfield></datafield></record></collection>